@inproceedings{zhang2015deep,
  title={Deep learning with elastic averaging SGD},
  author={Zhang, Sixin and Choromanska, Anna E and LeCun, Yann},
  booktitle={Advances in Neural Information Processing Systems},
  pages={685--693},
  year={2015}
}

@misc{distributed_keras,
  author={Joeri Hermans},
  title={Distributed Keras: Distributed Deep Learning with Apache Spark and Keras},
  month=nov,
  year=2016,
  doi={10.5281/zenodo.167573},
  url={https://doi.org/10.5281/zenodo.167573}
}

@article{kim2016deepspark,
  title={DeepSpark: Spark-Based Deep Learning Supporting Asynchronous Updates and Caffe Compatibility},
  author={Kim, Hanjoo and Park, Jaehong and Jang, Jaehee and Yoon, Sungroh},
  journal={arXiv preprint arXiv:1602.08191},
  year={2016}
}

@article{bian2016recent,
  title={Recent Results of Electron-Neutrino Appearance Measurement at NOvA},
  author={Bian, Jianming},
  journal={arXiv preprint arXiv:1611.07480},
  year={2016}
}

@article{de2017learning,
  title={Learning Particle Physics by Example: Location-Aware Generative Adversarial Networks for Physics Synthesis},
  author={de Oliveira, Luke and Paganini, Michela and Nachman, Benjamin},
  journal={arXiv preprint arXiv:1701.05927},
  year={2017}
}

@misc{1705.09056,
Author = {Xiangru Lian and Ce Zhang and Huan Zhang and Cho-Jui Hsieh and Wei Zhang and Ji Liu},
Title = {Can Decentralized Algorithms Outperform Centralized Algorithms? A Case Study for Decentralized Parallel Stochastic Gradient Descent},
Year = {2017},
Eprint = {arXiv:1705.09056},
}

@article{louppe2016learning,
  title={Learning to Pivot with Adversarial Networks},
  author={Louppe, Gilles and Kagan, Michael and Cranmer, Kyle},
  journal={arXiv preprint arXiv:1611.01046},
  year={2016}
}

@misc{dist_keras,
  author = {Joeri R. Hermans, CERN IT-DB},
  title = {Distributed Keras: Distributed Deep Learning with Apache Spark and Keras},
  year = {2016},
  publisher = {GitHub},
  journal = {GitHub Repository},
  howpublished = {\url{https://github.com/JoeriHermans/dist-keras/}},
}

@book{hllhcdesignreport,
      author        = "Apollinari, G and Béjar Alonso, I and Brüning, O and
                       Lamont, M and Rossi, L",
      title         = "{High-Luminosity Large Hadron Collider (HL-LHC):
                       Preliminary Design Report}",
      publisher     = "CERN",
      address       = "Geneva",
      year          = "2015",
      url           = "https://cds.cern.ch/record/2116337",
}

@article{ivezic2008lsst,
  title={LSST: from science drivers to reference design and anticipated data products},
  author={Ivezic, Zeljko and Tyson, JA and Abel, B and Acosta, E and Allsman, R and AlSayyad, Y and Anderson, SF and Andrew, J and Angel, R and Angeli, G and others},
  journal={arXiv preprint arXiv:0805.2366},
  year={2008}
}

@inproceedings{dean2012large,
  title={Large scale distributed deep networks},
  author={Dean, Jeffrey and Corrado, Greg and Monga, Rajat and Chen, Kai and Devin, Matthieu and Mao, Mark and Senior, Andrew and Tucker, Paul and Yang, Ke and Le, Quoc V and others},
  booktitle={Advances in neural information processing systems},
  pages={1223--1231},
  year={2012}
}

@article{wu2016google,
  title={Google's Neural Machine Translation System: Bridging the Gap between Human and Machine Translation},
  author={Wu, Yonghui and Schuster, Mike and Chen, Zhifeng and Le, Quoc V and Norouzi, Mohammad and Macherey, Wolfgang and Krikun, Maxim and Cao, Yuan and Gao, Qin and Macherey, Klaus and others},
  journal={arXiv preprint arXiv:1609.08144},
  year={2016}
}

@inproceedings{recht2011hogwild,
  title={Hogwild: A lock-free approach to parallelizing stochastic gradient descent},
  author={Recht, Benjamin and Re, Christopher and Wright, Stephen and Niu, Feng},
  booktitle={Advances in Neural Information Processing Systems},
  pages={693--701},
  year={2011}
}

@article{hadjis2016omnivore,
  title={Omnivore: An optimizer for multi-device deep learning on cpus and gpus},
  author={Hadjis, Stefan and Zhang, Ce and Mitliagkas, Ioannis and Iter, Dan and R{\'e}, Christopher},
  journal={arXiv preprint arXiv:1606.04487},
  year={2016}
}

@article{kingma2014adam,
  title={Adam: A method for stochastic optimization},
  author={Kingma, Diederik and Ba, Jimmy},
  journal={arXiv preprint arXiv:1412.6980},
  year={2014}
}

@misc{mnist,
  title={The MNIST database of handwritten digits},
  author={LeCun, Yann and Cortes, Corinna and Burges, Christopher JC},
  year={1998}
}

@article{implicitmomentum,
  title={Asynchrony begets Momentum, with an Application to Deep Learning},
  author={Mitliagkas, Ioannis and Zhang, Ce and Hadjis, Stefan and R{\'e}, Christopher},
  journal={arXiv preprint arXiv:1605.09774},
  year={2016}
}

@inproceedings{cipar2013solving,
  title={Solving the Straggler Problem with Bounded Staleness.},
  author={Cipar, James and Ho, Qirong and Kim, Jin Kyu and Lee, Seunghak and Ganger, Gregory R and Gibson, Garth and Keeton, Kimberly and Xing, Eric P},
  booktitle={HotOS},
  pages={22--22},
  year={2013}
}

@inproceedings{ho2013more,
  title={More effective distributed ml via a stale synchronous parallel parameter server},
  author={Ho, Qirong and Cipar, James and Cui, Henggang and Lee, Seunghak and Kim, Jin Kyu and Gibbons, Phillip B and Gibson, Garth A and Ganger, Greg and Xing, Eric P},
  booktitle={Advances in neural information processing systems},
  pages={1223--1231},
  year={2013}
}

@inproceedings{jiang2017heterogeneity,
  title={Heterogeneity-aware distributed parameter servers},
  author={Jiang, Jiawei and Cui, Bin and Zhang, Ce and Yu, Lele},
  booktitle={Proceedings of the 2017 ACM International Conference on Management of Data},
  pages={463--478},
  year={2017},
  organization={ACM}
}

@article{louppe2010zealous,
  title={A zealous parallel gradient descent algorithm},
  author={Louppe, Gilles and Geurts, Pierre},
  year={2010}
}